@book{okamoto2021fundamentals,
  title={Fundamentals of optical waveguides},
  author={Okamoto, Katsunari},
  year={2021},
  publisher={Elsevier}
}
