@book{okamoto,
  title={Fundamentals of optical waveguides},
  author={Okamoto, Katsunari},
  year={2021},
  publisher={Elsevier}
}

@misc{dispersao,
  author       = {Ghosh, G.},
  title        = {Refractive Index of Silicon Dioxide (\( \mathrm{SiO}_{2} \))},
  howpublished = {RefractiveIndex.INFO database},
  note         = {Dispersion data for ordinary and extraordinary refractive index \(n(o)\), \(n(e)\) in the wavelength range 0.204--2.172 Âµm},
  year         = {1999},
  url          = {https://refractiveindex.info/?shelf=main&book=SiO2&page=Ghosh-o},
  urldate      = {2025-09-03}
}
